@article{test1,
      author         = "Author 1",
      title          = "{Title 1}"
}
@article{test2,
      author         = "Author 2",
      title          = "{Title 2}"
}
@article{test3,
      author         = "Author 3",
      title          = "{Title 3}"
}